@article{stimson1978interpreting,
  title={Interpreting polynomial regression},
  author={Stimson, James A and Carmines, Edward G and Zeller, Richard A},
  journal={Sociological Methods \& Research},
  volume={6},
  number={4},
  pages={515--524},
  year={1978},
  publisher={Sage Publications Sage CA: Thousand Oaks, CA}
}

@incollection{billard2002symbolic,
	title={Symbolic regression analysis},
	author={Billard, Lynne and Diday, Edwin},
	booktitle={Classification, clustering, and data analysis},
	pages={281--288},
	year={2002},
	publisher={Springer}
}
@article{udrescu2020ai,
	title={AI Feynman: A physics-inspired method for symbolic regression},
	author={Udrescu, Silviu-Marian and Tegmark, Max},
	journal={Science Advances},
	volume={6},
	number={16},
	pages={eaay2631},
	year={2020},
	publisher={American Association for the Advancement of Science}
}
@article{weng2020simple,
	title={Simple descriptor derived from symbolic regression accelerating the discovery of new perovskite catalysts},
	author={Weng, Baicheng and Song, Zhilong and Zhu, Rilong and Yan, Qingyu and Sun, Qingde and Grice, Corey G and Yan, Yanfa and Yin, Wan-Jian},
	journal={Nature communications},
	volume={11},
	number={1},
	pages={1--8},
	year={2020},
	publisher={Nature Publishing Group}
}
